
@online{noauthor_einfuhrung_nodate,
	title = {Einführung in {TCP}/{IP} - {TCP}/{IP} im Detail: Transportschicht},
	url = {http://www.rvs.uni-bielefeld.de/~heiko/tcpip/tcpip_html_alt/kap_2_4.html},
	urldate = {2019-04-05},
	file = {Einführung in TCP/IP - TCP/IP im Detail\: Transportschicht:C\:\\Users\\josch\\Zotero\\storage\\PR626QQ4\\kap_2_4.html:text/html}
}

@online{noauthor_ars_nodate,
	title = {Ars Electronica Festival 2018},
	url = {https://ars.electronica.art/error/de/},
	abstract = {Ars Electronica Festival 2018},
	titleaddon = {Error},
	urldate = {2019-04-05},
	langid = {german},
	file = {Snapshot:C\:\\Users\\josch\\Zotero\\storage\\HA252JBR\\de.html:text/html}
}

@online{noauthor_unitylogo_nodate,
	title = {Unity Logo},
	url = {https://de.wikipedia.org/wiki/Unity_(Spiel-Engine)},
	urldate = {2019-04-05}
}

@online{noauthor_firebaselogo_nodate,
	title = {Firebase Logo},
	url = {https://firebase.google.com/},
	urldate = {2019-04-05}
}

@online{noauthor_unityprice_nodate,
	title = {Unity Preispolitik},
	url = {https://store.unity.com/de},
	urldate = {2019-04-05}
}